<?xml version="1.0" encoding="UTF-8"?><record xmlns="http://www.loc.gov/MARC21/slim" xmlns:cinclude="http://apache.org/cocoon/include/1.0" xmlns:zs="http://www.loc.gov/zing/srw/">
  <leader>00493nz  a2200145n  4500</leader>
  <controlfield tag="001">nb2006009204</controlfield>
  <controlfield tag="003">DLC</controlfield>
  <controlfield tag="005">20060421051240.0</controlfield>
  <controlfield tag="008">060420n| acannaabn          |a ana      </controlfield>
  <datafield tag="010" ind1=" " ind2=" ">
    <subfield code="a">nb2006009204</subfield>
  </datafield>
  <datafield tag="035" ind1=" " ind2=" ">
    <subfield code="a">(Uk)006459292</subfield>
  </datafield>
  <datafield tag="040" ind1=" " ind2=" ">
    <subfield code="a">Uk</subfield>
    <subfield code="b">eng</subfield>
    <subfield code="c">Uk</subfield>
  </datafield>
  <datafield tag="110" ind1="2" ind2=" ">
    <subfield code="a">AMPERE Europe</subfield>
  </datafield>
  <datafield tag="410" ind1="2" ind2=" ">
    <subfield code="a">Association for Microwave Power in Europe for Research and Education</subfield>
  </datafield>
  <datafield tag="670" ind1=" " ind2=" ">
    <subfield code="a">Membership directory, 2004-2005:</subfield>
    <subfield code="b">t.p. (AMPERE Europe, Association for Microwave Power in Europe for Research and Education )</subfield>
  </datafield>
</record>